<record><leader>00000cas a2200000 a 4500</leader><controlfield tag="001">26281993</controlfield><controlfield tag="008">920729d19702002wyuwr ne      0    0eng c</controlfield><datafield ind1=" " ind2=" " tag="010"><subfield code="a">sn 92067148 </subfield></datafield><datafield ind1=" " ind2=" " tag="040"><subfield code="a">NVO</subfield><subfield code="b">eng</subfield><subfield code="c">NVO</subfield><subfield code="d">DLC</subfield><subfield code="d">OCLCQ</subfield><subfield code="d">OCLCF</subfield><subfield code="d">OCLCO</subfield></datafield><datafield ind1="1" ind2=" " tag="029"><subfield code="a">AU@</subfield><subfield code="b">000020705048</subfield></datafield><datafield ind1=" " ind2=" " tag="042"><subfield code="a">pcc</subfield></datafield><datafield ind1=" " ind2=" " tag="043"><subfield code="a">n-us-wy</subfield></datafield><datafield ind1="0" ind2="0" tag="245"><subfield code="a">Jackson Hole news.</subfield></datafield><datafield ind1=" " ind2=" " tag="260"><subfield code="a">Jackson, Wyo. :</subfield><subfield code="b">N. &amp; J. Lynes</subfield></datafield><datafield ind1=" " ind2=" " tag="300"><subfield code="a">v.</subfield></datafield><datafield ind1=" " ind2=" " tag="310"><subfield code="a">Weekly</subfield></datafield><datafield ind1="0" ind2=" " tag="362"><subfield code="a">Vol. 1, no. 1 (Apr. 17, 1970)-</subfield></datafield><datafield ind1="1" ind2=" " tag="362"><subfield code="a">Ceased Nov. 13, 2002.</subfield><subfield code="z">Cf Phone call to publisher.</subfield></datafield><datafield ind1=" " ind2=" " tag="500"><subfield code="a">Sept. 11, 1975 issue contains: Grand Teton National Park special 25th Anniversary issue.</subfield></datafield><datafield ind1=" " ind2=" " tag="515"><subfield code="a">Numbering is irregular.</subfield></datafield><datafield ind1=" " ind2=" " tag="580"><subfield code="a">Merged with: Jackson Hole guide, to form: Jackson Hole news &amp; guide.</subfield></datafield><datafield ind1=" " ind2="0" tag="651"><subfield code="a">Jackson (Wyo.)</subfield><subfield code="v">Newspapers.</subfield></datafield><datafield ind1=" " ind2="0" tag="651"><subfield code="a">Teton County (Wyo.)</subfield><subfield code="v">Newspapers.</subfield></datafield><datafield ind1=" " ind2="7" tag="655"><subfield code="a">Newspapers.</subfield><subfield code="2">fast</subfield><subfield code="0">(OCoLC)fst01423814</subfield></datafield><datafield ind1=" " ind2="7" tag="651"><subfield code="a">Wyoming</subfield><subfield code="z">Jackson.</subfield><subfield code="2">fast</subfield><subfield code="0">(OCoLC)fst01216244</subfield></datafield><datafield ind1=" " ind2="7" tag="651"><subfield code="a">Wyoming</subfield><subfield code="z">Teton County.</subfield><subfield code="2">fast</subfield><subfield code="0">(OCoLC)fst01217679</subfield></datafield><datafield ind1=" " ind2=" " tag="752"><subfield code="a">United States</subfield><subfield code="b">Wyoming</subfield><subfield code="c">Teton</subfield><subfield code="d">Jackson.</subfield></datafield><datafield ind1="1" ind2="7" tag="785"><subfield code="t">Jackson Hole guide</subfield><subfield code="w">(DLC)sn 92067145</subfield><subfield code="w">(OCoLC)26281951</subfield></datafield><datafield ind1="1" ind2="7" tag="785"><subfield code="t">Jackson Hole news &amp; guide</subfield><subfield code="w">(DLC)sn2002058167</subfield><subfield code="w">(OCoLC)51071474</subfield></datafield></record>